@misc{su2015differentiallyprivatekmeansclustering,
      title={Differentially Private $k$-Means Clustering}, 
      author={Dong Su and Jianneng Cao and Ninghui Li and Elisa Bertino and Hongxia Jin},
      year={2015},
      eprint={1504.05998},
      archivePrefix={arXiv},
      primaryClass={cs.CR},
      url={https://arxiv.org/abs/1504.05998}, 
}
